@inproceedings{yuan11,
title={Learning Optimal {B}ayesian Networks Using {A*} Search},
author={C. Yuan and B. Malone and X. Wu},
booktitle={Proceedings of the 22nd International Joint Conference on Artificial Intelligence},
pages={2186--2191},
year={2011}
}

@article{ ci,
  author = {Jie Cheng a and Russell Greiner and Jonathan Kelly and David Bell and Weiru Liu},
  title = {Learning Bayesian networks from data:
An information-theory based approach},
  journal = {Artificial Intelligence},
  volume = {137},
  pages = {43-90}
  year = {2002}
}

@article{ maxmin,
  author = {Ioannis Tsamardinos and Laura E. Brown and Constantin F. Aliferis},
  title = {The max-min hill-climbing {B}ayesian network
structure learning algorithm},
  journal = {Machine Learning},
  year = {2006},
  volume = {65},
  pages = {31-78}
}

@article{MSResearch04,
  author = {David M. Chickering and David Heckerman and Christopher Meek},
  title = {Large-Sample Learning of {B}ayesian Networks is {NP}-Hard},
  journal = {Journal of Machine Learning Research},
  year = {2004},
  volume = {5},
  pages = {1287-1330},
  number = {1}
}

@ARTICLE{MDL94,
  author = {Wai Lam and Fahiem Bacchus},
  title = {Learning {B}ayesian Belief Networks. An approach based on the {MDL} principle},
  journal = {Computational Intelligence},
  year = {1994},
  volume = {10},
  pages = {31},
  number = {4}
}

@ARTICLE{DF01,
  author = {Camil Demetrescu and Irene Finocchi},
  title = {Combinatorial Algorithms for Feedback Problems in Directed Graphs},
  journal = {Information Processing Letters},
  year = {2003},
  pages = {129-136}
 }

@ARTICLE{FNP99,
  author = {H. Friedman, I. Nachman, and D. Peér},
  title = {Learning {B}ayesian network structure from massive datasets: The ``sparse candidate'' algorithm},
  journal = {Conference on Uncertainty in Artificial Intelligence},
  year = {1999},
  number = {15}
}

@ARTICLE{Maxwell02,
  author = {David Maxwell Chickering},
  title = {Learning Equivalence Classes of {B}ayesian-Network Structures},
  journal = {Journal of Machine Learning Research},
  year = {2002}
}

@ARTICLE{GH08,
  author = {Marco Grzegorczyk and Dirk Husmeier},
  title = {Improving the structure {MCMC} sampler for {B}ayesian networks by introducing a new edge reversal move},
  journal = {Machine Learning},
  year = {2008}
}

@INBOOK{Cozman02,
  author = {Jaime S. Ide and Fabio G. Cozman},
  title = {Random Generation of {B}ayesian Networks},
  year = {2002} ,
  booktitle={Advances in Artificial Intelligence} ,
  volume = {2507} ,
  pages = {366-376} ,
  publisher = {Springer Berlin Heidelberg}
}

@ARTICLE{Melancon04,
author = {Melan\c{c}on, Guy and Philippe, Fabrice},
 title = {Generating Connected Acyclic Digraphs Uniformly at Random},
 journal = {Information Processing Letters},
 volume = {90},
 number = {4},
 month = may,
 year = {2004},
 pages = {209--213},
 publisher = {Elsevier North-Holland, Inc.},
 }

@ARTICLE{Cooper92,
  author = {Cooper, G. F. and Dietterich, T},
  title = {A {B}ayesian method for the induction of probabilistic networks from data},
  journal = {Machine Learning},
  year = {1992} ,
  pages = {309-347}
}

@ARTICLE{ENF02,
  author = {Gal Elidan and Matan Ninio and Nir Friedman Dale Schuurmans},
  title = {Data Perturbation for Escaping Local Maxima in Learning},
  journal = {Proceedings of the National Conference on Artificial Intelligence},
  year = {2002}
}

@ARTICLE{TK05,
  author = {Marc Tessyer and Daphne Koller},
  title = {Ordering-Based Search: A Simple and Effective Algorithm for Learning {B}ayesian Networks},
  journal = {Proceedings of the Conference in Uncertainty in Artificial Intelligence},
  year = {2005}
}

@BOOK{BIC91,
  title = {{Elements of Information Theory}},
  publisher = {Wiley-Interscience},
  year = {1991},
  author = {Cover, Thomas M. and Thomas, Joy A.},
  isbn = {0-471-06259-6}
}

@BOOK{VJensen01,
  title = {{Bayesian Networks and Decision Graphs}},
  publisher = {Springer Science and Business Media},
  year = {2001},
  author = {Finn V. Jensen}
}

@thesis{Margaritis03,
  author = {Dimitris Margaritis},
  title = {Learning {B}ayesian Network Model Structure from Data},
  school = {Carnegie Mellon University} ,
  year = {2003},
  month ={05}
}

@ARTICLE{Spirtes95,
  author = {P. Spirtes and C. Meek},
  title = {Learning {B}ayesian networks with discrete variables from data},
  journal = {Proceedings of the 1st International Conference on Knowledge Discovery and Data Mining},
  year = {1995},
  pages = {294–299}
}

@ARTICLE{BD95,
  author = {D. Heckerman and D. Geiger and D.M. Chickering},
  title = {Learning {B}ayesian Networks: The Combination of Knowledge and Statistical Data},
  journal = {Journal of Machine Learning Research},
  year = {1995},
  volume = {20},
  pages = {197-243},
  number = {MSR-TR-94-09}
}

@ARTICLE{Maxwell04,
  author = {David Maxwell Chickering and Christopher Meek},
  title = {Finding Optimal {B}ayesian Networks},
  journal = {Journal of Machine Learning Research},
  year = {2004},
}

@ARTICLE{Maxwell96,
  author = {Chickering, D. M.},
  title = {Learning equivalence classes of {B}ayesian-network structures},
  journal = {Conference on Uncertainty in Artificial Intelligence},
  year = {1996},
  pages = {150-157}
}

@ARTICLE{Cassio11,
  author = {Cassio P. de Campos and Qiang Ji},
  title = {Efficient Structure Learning of {B}ayesian Networks using Constraints},
  journal = {Journal of Machine Learning Research},
  year = {2011},
  volume = {12},
  pages = {663-689},
}

@BOOK{FisherYates98,
  title = {The Art of Computer Programming 2},
  publisher = {Boston: Adison-Wesley},
  year = {1998},
  author = {Knuth},
  isbn = {0-201-89684-2}
}

@STRING{microsoftresearch = {Journal of Machine Learning Research} }

@STRING{compintelligence = {Computational Intelligence} }

% THIS LIST PRESENTS STANDARDIZED NAMES FOR PROCEEDINGS AND JOURNALS.
% IT DOES NOT, IN ANY WAY, LIMIT THE REFERENCES TO VENUES ON THIS LIST.
% IT IS MERE A SUGGESTION ON HOW TO WRITE THE VENUES IN THE BIB FILES,
%   SO THAT JIDM KEEPS A MINIMUM OF CONSISTENCY AMONG CITATIONS
% SEPT.3rd.2010
@STRING{aaai = {Proceedings of the National Conference on Artificial Intelligence}}

@STRING{acmgis = {Proceedings of the ACM International Symposium on Advances in Geographic Information Systems}}

@STRING{adbis = {Proceedings of the Symposium on Advances in Databases and Information Systems}}

@STRING{ai = {Artificial Inteligence}}

@STRING{cacm = {Communications of the ACM}}

@STRING{cikm = {Proceedings of the International Conference on Information and Knowledge Engineering}}

@STRING{computer = {IEEE Computer}}

@STRING{computernetw = {Computer Networks}}

@STRING{computingsurveys = {ACM Computing Surveys}}

@STRING{dasfaa = {Proceedings of the International Conference on Database Systems for Advanced Applications}}

@STRING{dawak = {Proceedings of the Data Warehousing and Knowledge Discovery}}

@STRING{dcc = {Proceedings of the Data Compression Conference}}

@STRING{dexa = {Proceedings of the International Conference on Database and Expert Systems Applications}}

@STRING{dke = {Data \& Knowledge Engineeering}}

@STRING{doceng = {Proceedings of the ACM Symposium on Document Engineering}}

@STRING{dood = {Proceedings of the International Conference Deductive and Object-Oriented Databases}}

@STRING{dpd = {Distributed and Parallel Databases}}

@STRING{ecdl = {Proceedings of the European Conference on Research and Advanced Technology for Digital Libraries}}

@STRING{ecir = {Proceedings of the European Conference on Information Retrieval}}

@STRING{edbt = {Proceedings of the International Conference on Extending Database Technology}}

@STRING{eextt = {Proceedings of the VLDB Workshop on Efficiency and Effectiveness of XML Tools, and Techniques}}

@STRING{er = {Proceedings of the International Conference on Conceptual Modeling}}

@STRING{fse = {Proceedings of the ACM SIGSOFT Conference on the Foundations of Software Engineering}}

@STRING{geoinfo = {Proceedings of the Brazilian Symposium on GeoInformatics}}

@STRING{icde = {Proceedings of the IEEE International Conference on Data Engineering}}

@STRING{icdebulletin = {IEEE Data Engineering Bulletin}}

@STRING{icdt = {Proceedings of the International Conference on Database Theory}}

@STRING{icdm = {Proceedings of the IEEE International Conference on Data Mining}} 

@STRING{icml = {Proceedings of the International Conference on Machine Learning}}

@STRING{infosys = {Information Systems}}

@STRING{ipm = {Information Processing and Management}}

@STRING{jbcs = {Journal of the Brazilian Computer Society}}

@STRING{jcdl = {Proceedings of the ACM IEEE Joint Conference on Digital Libraries}}

@STRING{jep = {Journal of Electronic Publishing}}

@STRING{jidm = {Journal of Information and Data Management}}

@STRING{jiis = {Journal of Intelligent Information Systems}}

@STRING{jucs = {Journal of Universal Computer Science}}

@STRING{kdd = {Proceedings of the ACM SIGKDD International Conference on Knowledge Discovery and Data Mining}}

@STRING{mobilesearch = {Proceedings of the WWW Workshop on Mobile Search}}

@STRING{odbase = {Proceedings of the International Conference on Ontologies, Databases and Applications of Semantics}}

@STRING{oopsla = {Proceedings of the Annual ACM Conference on Object-Oriented Programing Systems, Languages and Applications}}

@STRING{pkdd = {Proceedings of the European Conference on Principles and Practice of Knowledge Discovery in Databases}}

@STRING{pods = {Proceedings of the ACM Symposium on Principles of Database Systems}}

@STRING{pvldb = {Proceedings of the VLDB Endowment}}

@STRING{sac = {Proceedings of the ACM Symposium on Applied Computing}}

@STRING{sbbd = {Proceedings of the Brazilian Symposium on Databases}}

@STRING{seke = {Proceedings of the International Conference on Software Engineering and Knowledge Engineering}}

@STRING{sigir = {Proceedings of the International ACM SIGIR Conference on Research \& Development of Information Retrieval}}

@STRING{sigmod = {Proceedings of the ACM SIGMOD International Conference on Management of Data Conference}}

@STRING{sigmodrecord = {SIGMOD Record}}

@STRING{ssdbm = {Proceedings of the International Conference on Scientific and Statistical Databases Management}}

@STRING{sstd = {Proceedings of the Internationa Symposium on Spatial and Temporal Databases}}

@STRING{time = {Proceedings of the International Symposium on Temporal Representation and Reasoning}}

@STRING{tkdd = {ACM Transactions on Knowledge Discovery from Data}}

@STRING{tkde = {IEEE Transactions on Knowledge and Data Engineering}}

@STRING{tods = {ACM Transactions on Database Systems }}

@STRING{tois = {ACM Transactions on Information Systems}}

@STRING{tse = {Transactions on Software Engineering}}

@STRING{uai = {Proceedings of the Conference in Uncertainty in Artificial Intelligence}}

@STRING{vldb = {Proceedings of the International Conference on Very Large Data Bases}}

@STRING{vldbj = {The VLDB Journal}}

@STRING{webdb = {Proceedings of the Workshop on Web and Databases}}

@STRING{webmedia = {Proceedings of the Brazilian Symposium on Multimedia and the Web}}

@STRING{www = {Proceedings of the International World Wide Web Conferences}}

@STRING{wwwposter = {Proceedings of the International World Wide Web Conferences, Poster session}}

@STRING{xsym = {Proceedings of XML Database Symposium}}

%%%%%%%%%%%%%%%%%%%%%%%%%%%%%%%%%%%%%%%%%%%%%%%%%%%%%%%%%%%%%%%%%%%%%%%%%%%%%%%%%%%%%%%%%%%%%%%%%%%%%%

@BOOK{Baeza-YatesR99,
  title = {{Modern Information Retrieval}},
  publisher = {ACM Press / Addison-Wesley},
  year = {1999},
  author = {Ricardo A. Baeza-Yates and Berthier A. Ribeiro-Neto},
  isbn = {0-201-39829-X}
}

@MISC{xpath,
  author = {Anders Berglund and Scott Boag and Don Chamberlin and Mary F. Fern\'{a}ndez
	and Michael Kay  and Jonathan Robie and J\Ž{e}r\^{o}me Siméon},
  title = {{XML Path Language (XPath) 2.0, W3C Recommendation}},
  howpublished = {http://www.w3.org/TR/xpath20},
  year = {2007}
}

@INBOOK{BorgidaCL09,
  chapter = {{Logical Database Design: from Conceptual to Logical Schema}},
  pages = {1645-1649},
  title = {{Encyclopedia of Database Systems}},
  publisher = {Springer},
  year = {2009},
  editor = {Liu Ling and Tamer M. \"{O}zsu},
  author = {Alexander Borgida and Marco A. Casanova and Alberto H. F. Laender},
  address = {Berlin}
}

@INPROCEEDINGS{FerreiraGALV09,
  author = {Anderson A. Ferreira and Marcos Andr{\'e} Gon\c{c}alves and Jussara
	M. Almeida and Alberto H. F. Laender and Adriano Veloso},
  title = {{SyGAR - A Synthetic Data Generator for Evaluating Name Disambiguation
	Methods}},
  booktitle = ecdl,
  year = {2009},
  pages = {437-441},
  address = {Corfu, Greece}
}

@ARTICLE{LaenderMNM09,
  author = {Alberto H. F. Laender and Mirella M. Moro and Cristiano Nascimento
	and Patr\'{\i}cia Martins},
  title = {{An X-ray on Web-available XML Schemas}},
  journal = sigmodrecord,
  year = {2009},
  volume = {38},
  pages = {37-42},
  number = {1}
}

@PHDTHESIS{Moro07,
  author = {Mirella M. Moro},
  title = {{The Role of Structural Aggregation for Query Processing over XML
	Data}},
  school = {University of California, Riverside (UCR)},
  year = {2007},
  address = {USA}
}

@INBOOK{SilvaLC96,
  chapter = {{An Approach to Maintaining Optimized Relational Representations
	of Entity-Relationship Schemas}},
  pages = {292-308},
  title = {Conceptual Modeling - ER'96},
  publisher = {Springer},
  year = {1996},
  editor = {Bernhard Thalheim},
  author = {Altigran Soares da Silva and Alberto H. F. Laender and Marco A. Casanova},
  volume = {1920},
  series = {Lecture Notes in Computer Science},
  booktitle = er
}

